<?xml version='1.0' encoding='utf-8'?>
<record xmlns="http://www.loc.gov/MARC21/slim" xmlns:xsi="http://www.w3.org/2001/XMLSchema-instance">
  <leader>^^^^^npcaa22003251a^4500</leader>
  <controlfield tag="001">002740415</controlfield>
  <controlfield tag="005">19970409000000.0</controlfield>
  <controlfield tag="007">hdrafu---bucu</controlfield>
  <controlfield tag="008">940131k18551861miu^^^^^a^^^^^^^^^^^eng^|</controlfield>
  <datafield tag="035" ind1=" " ind2=" ">
    <subfield code="a">(RLIN)MIUV85-A2113</subfield>
  </datafield>
  <datafield tag="035" ind1=" " ind2=" ">
    <subfield code="a">(OCoLC)ocm34419993</subfield>
  </datafield>
  <datafield tag="040" ind1=" " ind2=" ">
    <subfield code="a">MiU-H</subfield>
    <subfield code="c">MiU-H</subfield>
    <subfield code="e">appm</subfield>
  </datafield>
  <datafield tag="100" ind1="1" ind2=" ">
    <subfield code="a">Pratt, Abner,</subfield>
    <subfield code="d">1801-1863.</subfield>
  </datafield>
  <datafield tag="245" ind1="0" ind2="0">
    <subfield code="a">Abner Pratt papers,</subfield>
    <subfield code="f">1848-1885,</subfield>
    <subfield code="g">bulk 1855-1861.</subfield>
  </datafield>
  <datafield tag="300" ind1=" " ind2=" ">
    <subfield code="a">.2 linear ft. (1 item and 6 microfilm reels :</subfield>
    <subfield code="b">positive).</subfield>
  </datafield>
  <datafield tag="533" ind1=" " ind2=" ">
    <subfield code="3">Department of State records:</subfield>
    <subfield code="a">Microfilm.</subfield>
  </datafield>
  <datafield tag="533" ind1=" " ind2=" ">
    <subfield code="3">Letter to family:</subfield>
    <subfield code="a">Typescript.</subfield>
  </datafield>
  <datafield tag="535" ind1="1" ind2=" ">
    <subfield code="3">Department of State records: Originals held by</subfield>
    <subfield code="a">National Archives and Records Administration,</subfield>
    <subfield code="b">Washington, D.C.</subfield>
  </datafield>
  <datafield tag="545" ind1=" " ind2=" ">
    <subfield code="a">Michigan Democratic politician and U.S. Consul to Honolulu, Hawaii, 1857-1861.</subfield>
  </datafield>
  <datafield tag="520" ind1=" " ind2=" ">
    <subfield code="a">Records of the Department of State relating to Pratt's service in Honolulu, including dispatches from U.S. Consuls in Honolulu (1855-1861), dispatches from U.S. Ministers to Hawaii (1856-1860), letters of consular instruction for Hawaii (1855-1860), and diplomatic instructions of the Department of State for Hawaii (1848-1885); also a letter to his family describing his voyage to Hawaii and his immediate impressions of Honolulu.</subfield>
  </datafield>
  <datafield tag="500" ind1=" " ind2=" ">
    <subfield code="a">Donor: 1454, 241</subfield>
  </datafield>
  <datafield tag="651" ind1=" " ind2="0">
    <subfield code="a">Hawaii.</subfield>
  </datafield>
  <datafield tag="651" ind1=" " ind2="0">
    <subfield code="a">Honolulu (Hawaii)</subfield>
    <subfield code="x">Description and travel.</subfield>
  </datafield>
  <datafield tag="650" ind1=" " ind2="0">
    <subfield code="a">Voyages and travels.</subfield>
  </datafield>
  <datafield tag="710" ind1="1" ind2=" ">
    <subfield code="a">United States.</subfield>
    <subfield code="b">Department of State.</subfield>
  </datafield>
  <datafield tag="852" ind1="8" ind2=" ">
    <subfield code="a">MiU-H</subfield>
    <subfield code="b">BENT</subfield>
    <subfield code="h">852113 Aa 2</subfield>
  </datafield>
  <datafield tag="998" ind1=" " ind2=" ">
    <subfield code="s">9554</subfield>
  </datafield>
  <datafield tag="955" ind1=" " ind2=" ">
    <subfield code="b">BENT</subfield>
    <subfield code="p">B1055406</subfield>
  </datafield>
</record>
